@article{baker2012novo,
  title={De novo genome assembly: what every biologist should know},
  author={Baker, Monya},
  journal={Nature methods},
  volume={9},
  number={4},
  pages={333},
  year={2012}
}

@article{gurevich2013quast,
  title={QUAST: quality assessment tool for genome assemblies},
  author={Gurevich, Alexey and Saveliev, Vladislav and Vyahhi, Nikolay and Tesler, Glenn},
  journal={Bioinformatics},
  pages={btt086},
  year={2013},
  publisher={Oxford Univ Press}
}
